@article{article1,
	author = {Ali Ekramian},
	title = {LaTeX Workshop 1},
	journal = {Journal 1},
	year = {2025}	
}
@article{article2,
	author = {Ali Ekramian},
	title = {LaTeX Workshop 2},
	journal = {Journal 2},
	year = {2026}	
}

